<record><leader>00000cas a22000007a 4500</leader><controlfield tag="001">26988204</controlfield><controlfield tag="008">921117d186618uuncuwr ne      0    0eng d</controlfield><datafield ind1=" " ind2=" " tag="010"><subfield code="a">sn 92074112 </subfield></datafield><datafield ind1=" " ind2=" " tag="040"><subfield code="a">NVJ</subfield><subfield code="b">eng</subfield><subfield code="c">NVJ</subfield><subfield code="d">OCLCQ</subfield><subfield code="d">NDD</subfield><subfield code="d">OCLCO</subfield><subfield code="d">OCLCF</subfield></datafield><datafield ind1=" " ind2=" " tag="042"><subfield code="a">msc</subfield></datafield><datafield ind1="0" ind2=" " tag="130"><subfield code="a">Dispatch (Wilmington, N.C.)</subfield></datafield><datafield ind1="1" ind2="4" tag="245"><subfield code="a">The dispatch.</subfield></datafield><datafield ind1="1" ind2="3" tag="246"><subfield code="a">Weekly dispatch</subfield></datafield><datafield ind1=" " ind2=" " tag="260"><subfield code="a">Wilmington, N.C. :</subfield><subfield code="b">[s.n.]</subfield></datafield><datafield ind1=" " ind2=" " tag="300"><subfield code="a">v.</subfield></datafield><datafield ind1=" " ind2=" " tag="310"><subfield code="a">Weekly</subfield></datafield><datafield ind1="1" ind2=" " tag="362"><subfield code="a">Began in 1866.</subfield></datafield><datafield ind1=" " ind2=" " tag="588"><subfield code="a">Description based on: Vol. 1, no. 45 (Nov. 30, 1866).</subfield></datafield><datafield ind1=" " ind2="0" tag="651"><subfield code="a">Wilmington (N.C.)</subfield><subfield code="v">Newspapers.</subfield></datafield><datafield ind1=" " ind2="0" tag="651"><subfield code="a">New Hanover County (N.C.)</subfield><subfield code="v">Newspapers.</subfield></datafield><datafield ind1=" " ind2="7" tag="655"><subfield code="a">Newspapers.</subfield><subfield code="2">fast</subfield><subfield code="0">(OCoLC)fst01423814</subfield></datafield><datafield ind1=" " ind2="7" tag="651"><subfield code="a">North Carolina</subfield><subfield code="z">New Hanover County.</subfield><subfield code="2">fast</subfield><subfield code="0">(OCoLC)fst01210030</subfield></datafield><datafield ind1=" " ind2="7" tag="651"><subfield code="a">North Carolina</subfield><subfield code="z">Wilmington.</subfield><subfield code="2">fast</subfield><subfield code="0">(OCoLC)fst01210117</subfield></datafield><datafield ind1=" " ind2=" " tag="752"><subfield code="a">United States</subfield><subfield code="b">North Carolina</subfield><subfield code="c">New Hanover</subfield><subfield code="d">Wilmington.</subfield></datafield><datafield ind1="0" ind2=" " tag="775"><subfield code="t">Wilmington daily dispatch</subfield><subfield code="w">(DLC)sn 92073928</subfield></datafield></record>